<record><leader>00000cas a22000007a 4500</leader><controlfield tag="001">16823588</controlfield><controlfield tag="008">871007c19749999ohuir ne      0    0eng d</controlfield><datafield ind1=" " ind2=" " tag="010"><subfield code="a">sn 87075149 </subfield></datafield><datafield ind1=" " ind2=" " tag="040"><subfield code="a">ONP</subfield><subfield code="b">eng</subfield><subfield code="c">ONP</subfield><subfield code="d">OCLCQ</subfield></datafield><datafield ind1=" " ind2=" " tag="042"><subfield code="a">msc</subfield></datafield><datafield ind1="0" ind2=" " tag="130"><subfield code="a">Journal-herald (Jackson, Ohio)</subfield></datafield><datafield ind1="1" ind2="4" tag="245"><subfield code="a">The Journal-herald.</subfield></datafield><datafield ind1=" " ind2=" " tag="260"><subfield code="a">Jackson, Ohio :</subfield><subfield code="b">Jackson Pub. Co.,</subfield><subfield code="c">1974-</subfield></datafield><datafield ind1=" " ind2=" " tag="310"><subfield code="a">Triweekly</subfield></datafield><datafield ind1="0" ind2=" " tag="362"><subfield code="a">Vol. 1, no. 1 (June 3, 1974)-</subfield></datafield><datafield ind1=" " ind2=" " tag="580"><subfield code="a">Formed by the consolidation of: Jackson sun-journal, Oak Hill press, and Jackson herald (Jackson, Ohio : 1902).</subfield></datafield><datafield ind1=" " ind2=" " tag="752"><subfield code="a">United States</subfield><subfield code="b">Ohio</subfield><subfield code="c">Jackson</subfield><subfield code="d">Jackson.</subfield></datafield><datafield ind1="1" ind2="4" tag="780"><subfield code="t">Jackson sun-journal</subfield><subfield code="w">(DLC)sn 87075141</subfield></datafield><datafield ind1="1" ind2="4" tag="780"><subfield code="t">Oak Hill press</subfield><subfield code="w">(DLC)sn 87075140</subfield></datafield><datafield ind1="1" ind2="4" tag="780"><subfield code="t">Jackson herald (Jackson, Ohio : 1902)</subfield><subfield code="w">(DLC)sn 87075142</subfield></datafield></record>